@article{engelbrechtConvergenceProofParticle2010,
  title = {A {{Convergence Proof}} for the {{Particle Swarm Optimiser}}},
  author = {Engelbrecht, A. P. and {van den Bergh}, F.},
  year = {Januray 2010},
  journal = {Fundamenta Informaticae},
  doi = {10.3233/FI-2010-370}
}

@inproceedings{falknerBOHBRobustEfficient2018,
  title = {{{BOHB}} : {{Robust}} and {{Efficient Hyperparameter Optimization}} at {{Scale}}},
  booktitle = {Proceedings of the 35th {{International Conference}} on {{Machine Learning}}},
  author = {Falkner, Stefan and Klein, Aaron and Hutter, Frank},
  year = {2018},
  address = {Stockholm, Sweden}
}

@article{yangHyperparameterOptimizationMachine2020,
  title = {On Hyperparameter Optimization of Machine Learning Algorithms: {{Theory}} and Practice},
  author = {Yang, Li and Shami, Abdallah},
  year = {2020},
  month = jul,
  journal = {Neurocomputing},
  volume = {415},
  pages = {295--316},
  doi = {10.1016/j.neucom.2020.07.061}
}
